<record><leader>00000cas a2200000   4500</leader><controlfield tag="001">4999157</controlfield><controlfield tag="008">790524d1965199ucauwr ne      0   a0eng d</controlfield><datafield ind1=" " ind2=" " tag="010"><subfield code="a">sn 79002960 </subfield></datafield><datafield ind1=" " ind2=" " tag="040"><subfield code="a">NSD</subfield><subfield code="b">eng</subfield><subfield code="c">NSD</subfield><subfield code="d">OCL</subfield><subfield code="d">NSD</subfield><subfield code="d">CNK</subfield><subfield code="d">NSD</subfield><subfield code="d">OCL</subfield><subfield code="d">OCLCQ</subfield><subfield code="d">OCLCF</subfield><subfield code="d">OCLCO</subfield></datafield><datafield ind1=" " ind2=" " tag="012"><subfield code="j">0</subfield><subfield code="k">1</subfield><subfield code="l">y</subfield><subfield code="m">d</subfield></datafield><datafield ind1="1" ind2=" " tag="022"><subfield code="a">0192-0111</subfield><subfield code="l">0192-0111</subfield><subfield code="y">0191-0111</subfield><subfield code="2">1</subfield></datafield><datafield ind1="1" ind2=" " tag="029"><subfield code="a">AU@</subfield><subfield code="b">000025800140</subfield></datafield><datafield ind1=" " ind2=" " tag="037"><subfield code="b">Country Almanac, 855 Oak Grove Ave., Ste. 101, P.O. Box 98, Menlo Park, CA 94026</subfield></datafield><datafield ind1=" " ind2=" " tag="042"><subfield code="a">nsdp</subfield><subfield code="a">msc</subfield></datafield><datafield ind1=" " ind2="4" tag="222"><subfield code="a">The Country almanac</subfield></datafield><datafield ind1="0" ind2="4" tag="245"><subfield code="a">The Country almanac.</subfield></datafield><datafield ind1=" " ind2=" " tag="260"><subfield code="a">Portola Valley, Calif. :</subfield><subfield code="b">Portola Valley Pub. Corp.,</subfield></datafield><datafield ind1=" " ind2=" " tag="300"><subfield code="a">v.</subfield></datafield><datafield ind1=" " ind2=" " tag="310"><subfield code="a">Weekly</subfield></datafield><datafield ind1="0" ind2=" " tag="362"><subfield code="a">Vol. 1, no. 1 (Sept. 8, 1965)-</subfield></datafield><datafield ind1=" " ind2=" " tag="500"><subfield code="a">Later published in Woodside, Calif., and Menlo Park, Calif.</subfield></datafield><datafield ind1=" " ind2="0" tag="651"><subfield code="a">San Mateo County (Calif.)</subfield><subfield code="v">Newspapers.</subfield></datafield><datafield ind1=" " ind2="7" tag="655"><subfield code="a">Newspapers.</subfield><subfield code="2">fast</subfield><subfield code="0">(OCoLC)fst01423814</subfield></datafield><datafield ind1=" " ind2="7" tag="651"><subfield code="a">California</subfield><subfield code="z">San Mateo County.</subfield><subfield code="2">fast</subfield><subfield code="0">(OCoLC)fst01213639</subfield></datafield><datafield ind1=" " ind2=" " tag="752"><subfield code="a">United States</subfield><subfield code="b">California</subfield><subfield code="c">San Mateo</subfield><subfield code="d">Menlo Park.</subfield></datafield><datafield ind1=" " ind2=" " tag="752"><subfield code="a">United States</subfield><subfield code="b">California</subfield><subfield code="c">San Mateo</subfield><subfield code="d">Woodside.</subfield></datafield><datafield ind1=" " ind2=" " tag="752"><subfield code="a">United States</subfield><subfield code="b">California</subfield><subfield code="c">San Mateo</subfield><subfield code="d">Portola Valley.</subfield></datafield><datafield ind1="0" ind2="0" tag="785"><subfield code="t">Almanac (Menlo Park, Calif.)</subfield><subfield code="x">1097-3095</subfield><subfield code="w">(DLC)sn 97002156</subfield></datafield><datafield ind1=" " ind2=" " tag="936"><subfield code="a">Mar. 19, 1986</subfield></datafield></record>